@incollection{Larsson2011,
  doi = {10.5772/13640},
  url = {https://doi.org/10.5772/13640},
  year = {2011},
  month = feb,
  publisher = {{InTech}},
  author = {Anders Larsson and Niklas Wingborg},
  title = {Green Propellants Based on Ammonium Dinitramide ({ADN})},
  booktitle = {Advances in Spacecraft Technologies}
}

@incollection{EsaXMM,
	year = {2019},
	month = jun,
	title = {{ESA} Achievements {BR 250}},
	note = {Available at \url{http://www.esa.int/esapub/br/br250/br250.pdf}}
}

@incollection{ariane20N,
	year = {2019},
	month = jun,
	title = {{20N} Monopropellant Hydrazine Thruster},
	note = {Available at \url{http://www.space-propulsion.com/spacecraft-propulsion/hydrazine-thrusters/20n-hydrazine-thruster.html}}
}

@incollection{ariane1N,
	year = {2019},
	month = jun,
	title = {{1N} Monopropellant Hydrazine Thruster},
	note = {Available at \url{http://www.space-propulsion.com/spacecraft-propulsion/hydrazine-thrusters/1n-hydrazine-thruster.html}}
}

@incollection{tandemX,
	year = {2019},
	month = jun,
	title = {Flight Dynamics Operations of the TanDEM-X Formation},
	note = {Available at \url{https://www.researchgate.net/profile/Ralph_Kahle/publication/259897316_Flight_Dynamics_Operations_of_the_TanDEM-X_Formation/links/0a85e53c3b917d441a000000/Flight-Dynamics-Operations-of-the-TanDEM-X-Formation.pdf}}
}

@incollection{hpgpThruster,
	year = {2019},
	month = jun,
	title = {1 N HPGP Thruster},
	note = {Available at \url{http://ecaps.space/products-1n.php}}
}
	
@incollection{hydrazine,
year = {2019},
month = jul,
title = {Compound Summary Hydrazine},
note = {Available at \url{https://pubchem.ncbi.nlm.nih.gov/compound/Hydrazine}}	
}